<record><leader>00000cas a22000007a 4500</leader><controlfield tag="001">10453262</controlfield><controlfield tag="008">840224d198119uunyuwn ne      0   a0eng d</controlfield><datafield ind1=" " ind2=" " tag="010"><subfield code="a">sn 84009881 </subfield></datafield><datafield ind1=" " ind2=" " tag="040"><subfield code="a">NSD</subfield><subfield code="b">eng</subfield><subfield code="c">NSD</subfield><subfield code="d">NYG</subfield><subfield code="d">NYS</subfield><subfield code="d">NSD</subfield><subfield code="d">OCLCQ</subfield></datafield><datafield ind1=" " ind2=" " tag="012"><subfield code="m">d</subfield></datafield><datafield ind1="1" ind2=" " tag="022"><subfield code="a">0746-9969</subfield><subfield code="l">0746-9969</subfield><subfield code="2">1</subfield></datafield><datafield ind1=" " ind2=" " tag="037"><subfield code="b">Cuba Patriot and Free Press, 45 W. Main St., Cuba, NY 14727</subfield></datafield><datafield ind1=" " ind2=" " tag="042"><subfield code="a">nsdp</subfield></datafield><datafield ind1="0" ind2=" " tag="130"><subfield code="a">Cuba patriot and free press (Cuba, N.Y. : 1981)</subfield></datafield><datafield ind1=" " ind2="0" tag="222"><subfield code="a">Cuba patriot and free press</subfield></datafield><datafield ind1="1" ind2="0" tag="245"><subfield code="a">Cuba patriot and free press.</subfield></datafield><datafield ind1=" " ind2=" " tag="260"><subfield code="a">Cuba, N.Y. :</subfield><subfield code="b">David H. Crowley</subfield></datafield><datafield ind1=" " ind2=" " tag="300"><subfield code="a">v.</subfield></datafield><datafield ind1=" " ind2=" " tag="310"><subfield code="a">Weekly (except Christmas week and one week in July)</subfield></datafield><datafield ind1="0" ind2=" " tag="362"><subfield code="a">Vol. 118, no. 5 (Feb. 4, 1981)-</subfield></datafield><datafield ind1=" " ind2="4" tag="651"><subfield code="a">Cuba (N.Y.)</subfield><subfield code="v">Newspapers.</subfield></datafield><datafield ind1=" " ind2=" " tag="752"><subfield code="a">United States</subfield><subfield code="b">New York</subfield><subfield code="c">Allegany</subfield><subfield code="d">Cuba.</subfield></datafield><datafield ind1="0" ind2="0" tag="780"><subfield code="t">Patriot and free press</subfield><subfield code="w">(DLC)sn 85054114</subfield></datafield><datafield ind1="0" ind2="0" tag="785"><subfield code="t">Patriot and free press (Cuba, N.Y. : 2000)</subfield><subfield code="x">1531-4464</subfield><subfield code="w">(DLC)   00215692</subfield></datafield><datafield ind1=" " ind2=" " tag="936"><subfield code="a">Dec. 17, 1983</subfield></datafield><datafield ind1="1" ind2=" " tag="029"><subfield code="a">AU@</subfield><subfield code="b">000020264349</subfield></datafield></record>